@article{Binder1983,
  title = {On the Variances of Asymptotically Normal Estimators from Complex Surveys},
  author = {Binder, David A.},
  journal = {International Statistical Review},
  volume = {51},
  number = {3},
  pages = {279--292},
  year = {1983},
  publisher = {Wiley},
  doi = {10.2307/1402588}
}
